
@ge{asa-guidelines2014,
	   author = {American Statistical Association},
	      title = {Curriculum Guidelines for Undergraduate Programs in Statistical Science},
	         url = {https://www.amstat.org/docs/default-source/amstat-documents/edu-guidelines2014-11-15.pdf},
		    year = {2014},
}
web_page{asa-guidelines2014,
   author = {American Statistical Association},
   title = {Curriculum Guidelines for Undergraduate Programs in Statistical Science},
   url = {https://www.amstat.org/docs/default-source/amstat-documents/edu-guidelines2014-11-15.pdf},
   year = {2014},
}
